%% This BibTeX bibliography file was created using BibDesk.
%% http://bibdesk.sourceforge.net/


%% Created for Seth Johnson at 2010-01-15 15:01:56 -0500 


%% Saved with string encoding Unicode (UTF-8) 



@article{Lar2008,
	Author = {Larsen, Edward W. and Wollaber, Allan B.},
	Date-Added = {2010-01-15 15:01:35 -0500},
	Date-Modified = {2010-01-15 15:01:35 -0500},
	Journal = {Nuclear Science and Engineering},
	Keywords = {SN},
	Number = {3},
	Pages = {267--283},
	Title = {A Quantitative Theory of Angular Truncation Errors in Three-Dimensional {$S_N$} Calculations},
	Volume = {160},
	Year = {2008}}

@techreport{Car1953,
	Author = {Carlson, Bengt G.},
	Date-Added = {2010-01-15 14:53:00 -0500},
	Date-Modified = {2010-01-15 14:53:00 -0500},
	Institution = {Los Alamos Scientific Laboratory},
	Number = {LA-1599},
	Title = {Solution of the Transport Equation by {S$_n$} Approximations},
	Year = {1953}}

@book{Kno2000,
	Author = {Knoll, Glenn F.},
	Date-Added = {2010-01-15 14:52:06 -0500},
	Date-Modified = {2010-01-15 14:52:06 -0500},
	Edition = {3rd},
	Publisher = {John Wiley \& Sons, Inc.},
	Title = {Radiation Detection and Measurement},
	Year = {2000}}

@article{Pul2010,
	Author = {Pullum, Geoffrey K.},
	Journal = {English Today},
	Number = {2},
	Pages = {34--44},
	Title = {The Land of the Free and \emph{The Elements of Style}},
	Volume = {26},
	Year = {2010}}

@book{Str2000,
	Author = {Strunk, W. and White, E.B.},
	Edition = {4},
	Publisher = {New York: Allyn and Bacon},
	Title = {The Elements of Style},
	Year = {2000}}
	
@article{wilson_validation_1998,
        title = {Validation of the {ALARA} activation code},
        volume = {34},
        issue={3},
        journal = {Fusion Technology},
        author = {Wilson, Paul P. H. and Tsige-Tamirat, H. and Khater, Hesham Y. and Henderson, Douglass L.},
        year = {1998},
        pages = {784--788}
}

@inproceedings{tautges_acceleration_2009,
        address = {Saratoga Springs, {NY}},
        title = {Acceleration Techniques for Direct Use of {CAD-Based} Geometries in Monte Carlo Radiation Transport},
        booktitle = {International Conference on Mathematics, Computational Methods \& Reactor Physics ({M\&C} 2009)},
        publisher = {American Nuclear Society},
        author = {Tautges, Timothy J. and Wilson, P. P. H. and Kraftcheck, Jason and Smith, Brandon F. and Henderson, Douglass L.},
        year = {2009},
        keywords = {Acceleration, {CAD}, {DAGMC}, Monte Carlo Methods}
}

@techreport{tautges_moab:_2004,
        type = {{SAND2004-1592}},
        title = {{MOAB:} A Mesh-Oriented Database},
        institution = {Sandia National Laboratories},
        author = {Tautges, T. J. and Meyers, R. and Merkley, K. and Stimpson, C. and Ernst, C.},
        month = apr,
        year = {2004},
        note = {Report}
}

@article{chen_rigorous_2002,
        title = {Rigorous {MCNP} Based Shutdown Dose Rate Calculations: Computational Scheme, Verification Calculations and Application to {ITER}},
        volume = {63-64},
        journal = {Fusion Engineering and Design},
        author = {Chen, Y. and Fischer, U.},
        year = {2002},
        keywords = {Activation, Fusion, International Thermonuclear Reactor ({ITER)}, Monte Carlo, Neutronics, Shutdown Dose},
        pages = {107-114}
}


@misc{pytaps,
       author = {Porter, J},
       title = {PyTAPS v1.4 documentation},
       howpublished = {\url{http://pythonhosted.org/PyTAPS/}},
       year = {2011}
}

